<?xml version="1.0" encoding="UTF-8" ?><marc:collection xmlns:marc="http://www.loc.gov/MARC21/slim" xmlns:xsi="http://www.w3.org/2001/XMLSchema-instance" xsi:schemaLocation="http://www.loc.gov/MARC21/slim http://www.loc.gov/standards/marcxml/schema/MARC21slim.xsd">
<marc:record><marc:leader>02790nam a2200433Ii 4500</marc:leader>
<marc:controlfield tag="001">b12957033</marc:controlfield>
<marc:controlfield tag="003">UaCaAUL</marc:controlfield><marc:controlfield tag="005">20161019030401.0</marc:controlfield><marc:controlfield tag="008">161019s1899    ua            000 0 ara d</marc:controlfield><marc:datafield tag="035" ind1=" " ind2=" "><marc:subfield code="a">(OCoLC)960905288</marc:subfield></marc:datafield><marc:datafield tag="040" ind1=" " ind2=" "><marc:subfield code="a">MEAUC</marc:subfield><marc:subfield code="b">eng</marc:subfield><marc:subfield code="e">rda</marc:subfield><marc:subfield code="c">MEAUC</marc:subfield></marc:datafield><marc:datafield tag="049" ind1=" " ind2=" "><marc:subfield code="a">MAIN</marc:subfield></marc:datafield><marc:datafield tag="050" ind1=" " ind2="4"><marc:subfield code="a">BJ1291</marc:subfield><marc:subfield code="b">.M33 1899</marc:subfield></marc:datafield><marc:datafield tag="066" ind1=" " ind2=" "><marc:subfield code="c">(3</marc:subfield></marc:datafield><marc:datafield tag="090" ind1=" " ind2=" "><marc:subfield code="a">BJ1291</marc:subfield><marc:subfield code="b">.M33 1899</marc:subfield></marc:datafield><marc:datafield tag="100" ind1="1" ind2=" "><marc:subfield code="6">880-01</marc:subfield><marc:subfield code="a">Māwardī, ʻAlī ibn Muḥammad,</marc:subfield><marc:subfield code="d">974?-1058,</marc:subfield><marc:subfield code="e">author.</marc:subfield></marc:datafield><marc:datafield tag="240" ind1="1" ind2="0"><marc:subfield code="a">Adab al-dunyā wa-al-dīn.</marc:subfield></marc:datafield><marc:datafield tag="245" ind1="1" ind2="0"><marc:subfield code="6">880-02</marc:subfield><marc:subfield code="a">Kitāb adab al-dunyā wa-al-dīn /</marc:subfield><marc:subfield code="c">taʼlīf al-ʻālim al-ʻallāmah al-ḥabr al-fahhāmah al-imām al-kabīr al-muḥaqqiq al-shahīr aqḍá al-quḍāh Abī al-Ḥasan ʻAlī ibn Muḥammad ibn Ḥabīb al-Baṣrī al-Māwardī raḥimahu Allāh. Wa-bi-hāmishihi KitābTahdhīb al-akhlāq wa-taṭhīr al-aʻrāq / lil-shaykh Abī ʻAlī Aḥmad ibn Muḥammad, al-maʻrūf bi-Ibn Miskawayh al-mutawafá sanat 421.</marc:subfield></marc:datafield><marc:datafield tag="250" ind1=" " ind2=" "><marc:subfield code="6">880-03</marc:subfield><marc:subfield code="a">al-Ṭabʻah al-ūlá.</marc:subfield></marc:datafield><marc:datafield tag="264" ind1=" " ind2="1"><marc:subfield code="6">880-04</marc:subfield><marc:subfield code="a">Miṣr :</marc:subfield><marc:subfield code="b">Tụbiʻa bi-al-Maṭbaʻah al-Adabīyah bi-Sūq al-Khuḍār al-qadīm bi-Miṣr,</marc:subfield><marc:subfield code="c">1317 H., [1899-1900 M.]</marc:subfield></marc:datafield><marc:datafield tag="300" ind1=" " ind2=" "><marc:subfield code="a">224 pages ;</marc:subfield><marc:subfield code="c">26 cm.</marc:subfield></marc:datafield><marc:datafield tag="336" ind1=" " ind2=" "><marc:subfield code="a">text</marc:subfield><marc:subfield code="b">txt</marc:subfield><marc:subfield code="2">rdacontent.</marc:subfield></marc:datafield><marc:datafield tag="337" ind1=" " ind2=" "><marc:subfield code="a">unmediated</marc:subfield><marc:subfield code="b">n</marc:subfield><marc:subfield code="2">rdamedia.</marc:subfield></marc:datafield><marc:datafield tag="338" ind1=" " ind2=" "><marc:subfield code="a">volume</marc:subfield><marc:subfield code="b">nc</marc:subfield><marc:subfield code="2">rdacarrier.</marc:subfield></marc:datafield><marc:datafield tag="650" ind1=" " ind2="0"><marc:subfield code="a">Islamic ethics</marc:subfield><marc:subfield code="v">Early works to 1800.</marc:subfield></marc:datafield><marc:datafield tag="650" ind1=" " ind2="0"><marc:subfield code="a">Islamic etiquette.</marc:subfield></marc:datafield><marc:datafield tag="650" ind1=" " ind2="0"><marc:subfield code="a">Conduct of life</marc:subfield><marc:subfield code="v">Early works to 1900.</marc:subfield></marc:datafield><marc:datafield tag="700" ind1="1" ind2="2"><marc:subfield code="6">880-05</marc:subfield><marc:subfield code="a">Ibn Miskawayh, Aḥmad ibn Muḥammad,</marc:subfield><marc:subfield code="d">-1030.</marc:subfield><marc:subfield code="t">Kitāb tahdhīb al-akhlāq wa-taṭhīr al-aʻrāq.</marc:subfield></marc:datafield><marc:datafield tag="740" ind1="0" ind2=" "><marc:subfield code="6">880-06</marc:subfield><marc:subfield code="a">Tahdhīb al-akhlāq wa-taṭhīr al-aʻrāq.</marc:subfield></marc:datafield><marc:datafield tag="880" ind1="1" ind2=" "><marc:subfield code="6">100-01/(3/r</marc:subfield><marc:subfield code="a">ماوردي، علي بن محمد،</marc:subfield><marc:subfield code="d">974؟1058-,</marc:subfield><marc:subfield code="e">author.</marc:subfield></marc:datafield><marc:datafield tag="880" ind1="1" ind2="0"><marc:subfield code="6">245-02/(3/r</marc:subfield><marc:subfield code="a">كتاب ادب الدنيا والدين /</marc:subfield><marc:subfield code="c">تأليف العالم العلامة الحبر الفهامة الامام الكبير المحقق الشهير أقضى القضاة أبي الحسن علي بن محمد بن حبيب البصري الماوردي رحمه الله ؛ وبهامشه كتاب تهذيب الأخلاق وتطهير الأعراق / للشيخ أبي علي أحمد بن محمد، المعروف بابن مسكويه المتوفى سنة 421.</marc:subfield></marc:datafield><marc:datafield tag="880" ind1=" " ind2="1"><marc:subfield code="6">264-04/(3/r</marc:subfield><marc:subfield code="a">مصر :</marc:subfield><marc:subfield code="b">طبع بالمطبعة الادبية بسوق الخضار القديم بمصر،</marc:subfield><marc:subfield code="c">1317 ه.، [1899-1900 م.]</marc:subfield></marc:datafield><marc:datafield tag="880" ind1=" " ind2=" "><marc:subfield code="6">250-03/(3/r</marc:subfield><marc:subfield code="a">الطبعة الأولى..</marc:subfield></marc:datafield><marc:datafield tag="880" ind1="1" ind2="2"><marc:subfield code="6">700-05/(3/r</marc:subfield><marc:subfield code="a">إبن مسكويه، أحمد بن محمد،</marc:subfield><marc:subfield code="d">1030.</marc:subfield><marc:subfield code="t">كتاب تهذيب الأخلاق وتطهير الأعراق..</marc:subfield></marc:datafield><marc:datafield tag="880" ind1="0" ind2=" "><marc:subfield code="6">740-06/(3/r</marc:subfield><marc:subfield code="a">تهذيب الأخلاق وتطهير الأعراق..</marc:subfield></marc:datafield><marc:datafield tag="907" ind1=" " ind2=" "><marc:subfield code="a">.b12957033</marc:subfield><marc:subfield code="b">main </marc:subfield></marc:datafield><marc:datafield tag="902" ind1=" " ind2=" "><marc:subfield code="a">170207</marc:subfield></marc:datafield><marc:datafield tag="998" ind1=" " ind2=" "><marc:subfield code="b">1</marc:subfield><marc:subfield code="c">030412</marc:subfield><marc:subfield code="d">m</marc:subfield><marc:subfield code="e">a</marc:subfield><marc:subfield code="f">-</marc:subfield><marc:subfield code="g">0</marc:subfield><marc:subfield code="k">TA</marc:subfield></marc:datafield><marc:datafield tag="945" ind1=" " ind2=" "><marc:subfield code="l">main </marc:subfield></marc:datafield></marc:record>
</marc:collection>
